@misc{kaggle,
	author = {Kaggle},
        year = 2024,
	howpublished = "\url{https://www.kaggle.com}"
}

@misc{wikipedia,
	author = {Wikipedia},
        year = 2024,
	howpublished = "\url{https://www.wikipedia.org/}"
}

@misc{medicines_dataset,
	author = {Kaggle},
        title = {11000 Medicine details},
        year = 2024,
	howpublished = "\url{https://www.kaggle.com/datasets/singhnavjot2062001/11000-medicine-details}"
}

@misc{cczero,
	author = {Creative Commons},
        title = {CC0 1.0 Universal},
	howpublished = "\url{https://creativecommons.org/publicdomain/zero/1.0/}"
}

@misc{diseases_dataset,
	author = {Wikipedia},
        year = 2024,
	howpublished = "\url{https://en.wikipedia.org/wiki/List_of_autoimmune_diseases}"
}

@misc{wikipedia_cc,
	author = {Creative Commons},
        title = {Creative Commons Attribution-ShareAlike 4.0 International License},
	howpublished = "\url{https://en.wikipedia.org/wiki/Wikipedia:Text_of_the_Creative_Commons_Attribution-ShareAlike_4.0_International_License}"
}